@article{Benson2017,
  doi = {10.1137/16m1074023},
  url = {https://doi.org/10.1137/16m1074023},
  year = {2017},
  month = jan,
  publisher = {Society for Industrial {\&} Applied Mathematics ({SIAM})},
  volume = {59},
  number = {2},
  pages = {321--345},
  author = {Austin R. Benson and David F. Gleich and Lek-Heng Lim},
  title = {The Spacey Random Walk: A Stochastic Process for Higher-Order Data},
  journal = {{SIAM} Review}
}

@article{Bozorgmanesh2016,
  doi = {10.1002/nla.2063},
  url = {https://doi.org/10.1002/nla.2063},
  year = {2016},
  month = aug,
  publisher = {Wiley},
  volume = {23},
  number = {6},
  pages = {972--988},
  author = {Hassan Bozorgmanesh and Masoud Hajarian},
  title = {Convergence of a transition probability tensor of a higher-order Markov chain to the stationary probability vector},
  journal = {Numerical Linear Algebra with Applications}
}